@book{bls,
author = "R. Byron Bird and Warren E. Stewart and Edwin N. Lightfoot",
title = "Transport Phenomena",
publisher = "John Wiley and Sons",
year = "2002",
address = ""
}

@book{gaskell,
author = "David R. Gaskell",
title = "An Introduction to Transport Phenomena in Materials Engineering",
publisher = "Macmillan Publishing Company",
year = "1992",
address = "New York 10022"
}

@book{gp,
author = "D.R. Geiger and G.H. Poirier",
title = "Transport Phenomena in Materials Processing",
publisher = "TMS",
year = "1994",
address = "Warrendale, PA, USA"
}

@book{aris,
author = "Rutherford Aris",
title = "Vectors, Tensors and the Basic Equations of Fluid Mechanics",
publisher = "Prentice Hall Inc",
year = "1962",
address = "Eaglewood Cliffs, N.J."
}

@book{batchelor,
author = "G.K. Batchelor",
title = "An Introduction to Fluid Dynamics",
publisher = "Cambridge University Press",
year = "1967",
address = "Eaglewood Cliffs, N.J."
}

@book{sabersky,
author = "Rolf H. Sabersky and Allan J. Acosta and Edward G. Hauptmann",
title = "Fluid Flow : A first course in Fluid Mechanics",
publisher = "Macmillan Publishing Company",
year = "1989",
address = "New York",
edition = "3"
}

@book{perelomova,
author = "N.V. Perelomova and M.M. Tagieva",
title = "Problems in Crystal Physics with solutions",
publisher = "Mir Publishers",
year = "1983",
address = "Moscow",
}

@article{onsager1,
author = "Lars Onsager",
title = "Reciprocal relations in irreversible processes - I",
journal = "Physical Review",
year = "1931",
volume = "37",
pages = "405-426"
}

@article{onsager2,
author = "Lars Onsager",
title = "Reciprocal relations in irreversible processes - II",
journal = "Physical Review",
year = "1931",
volume = "38",
pages = "2265-2279"
}

@book{degroot,
author = "S.R. de Groot and P. Mazur",
title = "Non-equilibrium thermodynamics",
publisher = "Dover Publications Inc.",
year = "1984",
address = "New York"
}

@book{riley,
author = "K.F. Riley and M. P. Hobson and S.J. Bence",
title = "Mathematical methods for physics and engineering",
publisher = "Cambridge University Press",
year = "2006",
address = "London",
edition = "Third"
}

@book{bourne,
author = "D.E. Bourne and P.C. Kendall",
title = "Vector analysis and cartesian tensors",
publisher = "CRC Press",
year = "1992",
edition = "Third"
}

@book{anderson,
author="Anderson, Lorin W. and Krathwohl, David R.",
title="A Taxonomy for Learning, Teaching and Assessing: a Revision of Bloom's Taxonomy",
publisher="Longman Publishing",
year="2001",
place="New York"
}

@book{tinder,
author="Richard F. Tinder",
title="Tensor Properties of Solids : Phenomenological development of the tensor properties of crystals",
publisher="Morgan and Claypool Publishers",
year="2008",
place=" "
}

@book{newnham,
author="Robert E. Newnham",
title="Properties of materials : Anisotropy, Symmetry, Structure",
publisher="Oxford University Press",
year="2005",
place="New York"
}

